<?xml version = "1.0" encoding = "UTF-8"?><OAI-PMH xmlns="http://www.openarchives.org/OAI/2.0/" xmlns:xsi="http://www.w3.org/2001/XMLSchema-instance" xsi:schemaLocation="http://www.openarchives.org/OAI/2.0/ http://www.openarchives.org/OAI/2.0/OAI-PMH.xsd"><ListRecords><record><header><identifier>aleph-publish:004715016</identifier></header><metadata><record xmlns="http://www.ddb.de/professionell/mabxml/mabxml-1.xsd"><leader>00453vM2.01200024------h</leader><controlfield tag="LDR">00453vM2.01200024------h</controlfield><controlfield tag="FMT">MH</controlfield><datafield tag="001" ind1="-" ind2="1"><subfield code="a">HT011084996</subfield></datafield><datafield tag="002" ind1="a" ind2="1"><subfield code="a">19991022</subfield></datafield><datafield tag="003" ind1="-" ind2="1"><subfield code="a">20011127</subfield></datafield><controlfield tag="030">a|1uc||||||17</controlfield><datafield tag="036" ind1="a" ind2="1"><subfield code="a">DE</subfield></datafield><datafield tag="037" ind1="b" ind2="1"><subfield code="a">ger</subfield></datafield><controlfield tag="050">a|||||||||||||</controlfield><controlfield tag="051">my||||||</controlfield><datafield tag="070" ind1="-" ind2="1"><subfield code="a">82</subfield></datafield><datafield tag="070" ind1="b" ind2="1"><subfield code="a">HBZ/Red</subfield></datafield><datafield tag="080" ind1="-" ind2="1"><subfield code="a">60</subfield></datafield><datafield tag="100" ind1="-" ind2="1"><subfield code="p">Pleus, Frank</subfield><subfield code="d">1971-</subfield><subfield code="9">(DE-588)121541479</subfield></datafield><datafield tag="331" ind1="-" ind2="1"><subfield code="a">Kinder in zahnärztlichen Situationen</subfield></datafield><datafield tag="335" ind1="-" ind2="1"><subfield code="a">Erziehungsstil und allgemeine Ängstlichkeit als Einflußgrößen auf die Angst vor Zahnbehandlung</subfield></datafield><datafield tag="359" ind1="-" ind2="1"><subfield code="a">vorgelegt von Frank Pleus</subfield></datafield><datafield tag="425" ind1="a" ind2="1"><subfield code="a">1999</subfield></datafield><datafield tag="433" ind1="-" ind2="1"><subfield code="a">141 S. : Ill., graph. Darst.</subfield></datafield><datafield tag="519" ind1="-" ind2="1"><subfield code="a">Aachen, Techn. Hochsch., Diss., 1999</subfield></datafield><datafield tag="673" ind1="c" ind2="1"><subfield code="a">Aachen</subfield><subfield code="9">2027976-0</subfield></datafield><controlfield tag="SYS">004715016</controlfield><datafield tag="LOW" ind1="-" ind2="1"><subfield code="a">KM001</subfield></datafield><datafield tag="LOW" ind1="-" ind2="1"><subfield code="a">A0001</subfield></datafield><datafield tag="LOW" ind1="-" ind2="1"><subfield code="a">C0001</subfield></datafield><datafield tag="LOW" ind1="-" ind2="1"><subfield code="a">A2007</subfield></datafield><datafield tag="088" ind1=" " ind2=" "><subfield code="a">82</subfield><subfield code="b">00002000</subfield><subfield code="c">X3850 MED.</subfield><subfield code="e">ILL Ausleihe</subfield></datafield><datafield tag="088" ind1=" " ind2=" "><subfield code="a">82</subfield><subfield code="b">00000000</subfield><subfield code="c">SZ16390</subfield><subfield code="e">ILL Ausleihe</subfield></datafield><datafield tag="088" ind1=" " ind2=" "><subfield code="a">82/707</subfield><subfield code="b">00017000</subfield><subfield code="c">707:M54-PLEU1</subfield><subfield code="e">keine ILL</subfield></datafield><datafield tag="088" ind1=" " ind2=" "><subfield code="a">82/707</subfield><subfield code="b">00017000</subfield><subfield code="c">707:M54-PLEU1=2</subfield><subfield code="e">keine ILL</subfield></datafield><datafield tag="088" ind1=" " ind2=" "><subfield code="a">361</subfield><subfield code="b">00000023</subfield><subfield code="c">RW660 P726</subfield><subfield code="e">Keine Angabe</subfield></datafield><datafield tag="088" ind1=" " ind2=" "><subfield code="a">38 M</subfield><subfield code="b">00000053</subfield><subfield code="c">2000 D 1587</subfield><subfield code="e">ILL Ausleihe</subfield></datafield></record></metadata></record></ListRecords></OAI-PMH>